@misc{GoodbyeWikispaces,
  title = {{It's time for us to say farewellâ€¦} Goodbye message},
  year = 2018,
  howpublished = {\url{https://web.archive.org/web/20180319002012/http://blog.wikispaces.com/}}
}

@misc{WikispacesClosedDown,
    title = {Wikispaces has closed. What are your alternatives?},
    howpublished = {\url{https://askatechteacher.com/wikispaces-has-closed-what-are-your-alternatives/}},
    author = "Jacqui Murray"
}

@misc{CreateWikiWithWordPress,
    title = {Creating an Educational Wiki like Wikispaces with WordPress},
    howpublished = {\url{https://helpiewp.com/wikispaces/}} 
}

@manual{GettingStartedWikispace,
    title = {Getting Started With Your Wikispace},
    howpublished = {\url{https://www.schoolnet.org.za/conference/2011/Fiona_Beal/Handout-Wikispaces.K-12+Getting+Started.pdf}}
}

@misc{WikispacesTutorial,
    title = {Wikispaces Tutorial UPDATED},
    howpublished = {\url{https://www.slideshare.net/cliotech/wikispaces-tutorial-updated-presentation}}
}

@misc{WhereToNext,
    title = {On the LMS, Wikispaces, and Where to Next},
    howpublished = {\url{https://hickstro.org/2018/04/01/on-the-lms-wikispaces-and-where-to-next/}}
}

@misc{ Thatosphere,
    title = {This is the smallest planet},
    howpublished = {}
}

%This is for COS 720 Please remove the content above

@INPROCEEDINGS{7809737,
  author={Paxton, Napoleon C.},
  booktitle={2016 IEEE 2nd International Conference on Collaboration and Internet Computing (CIC)}, 
  title={Cloud Security: A Review of Current Issues and Proposed Solutions}, 
  year={2016},
  volume={},
  number={},
  pages={452-455},
  keywords={Cloud computing;Authentication;Companies;Software as a service;Cloud Computing;Cloud Security},
  doi={10.1109/CIC.2016.066}}
